@misc{Eckersley2010apo,
  author={Eckersley, Peter},
  title={A Primer on Information Theory and Privacy},
  year={2010},
  month={1},
  URL={https://www.eff.org/deeplinks/2010/01/primer-information-theory-and-privacy},
}
@inproceedings{Eckersley2010hui,
  author={Eckersley, Peter},
  title={How Unique Is Your Browser?},
  booktitle={Privacy Enhancing Technologies},
  pages={1--18},
  year={2010},
  organization={Springer},
  URL={https://panopticlick.eff.org/static/browser-uniqueness.pdf},
}

@article{Shannon1948amt,
  author={Shannon, C. E.},
  title={A Mathematical Theory of Communication},
  journal={The Bell System Technical Journal},
  volume={27},
  pages={379--423, 623--656},
  month={7-8},
  year={1948},
}
@unpublished{Ueltschi2013se,
  author={Ueltschi, Daniel},
  title={Chapter 6: Shannon entropy},
  URL={http://www.ueltschi.org/teaching/chapShannon.pdf},
}

@unpublished{Bosk2013gl,
  author={Bosk, Daniel},
  title={Grundl{\"a}ggande l{\"o}senordsanalys},
  year={2013},
  URL={http://ver.miun.se/courses/security/compendii/pwdanalysis.pdf},
}

@inproceedings{Komanduri2011opa,
  author={Komanduri, Saranga and
    Shay, Richard and
    Kelley, Patrick Gage and
    Mazurek, Michelle L. and
    Bauer, Lujo and
    Christin Nicolas and
    Cranor, Lorrie Faith and
    Egelman, Serge},
  title={Of passwords and people:
    Measuring the effect of password-composition policies},
  booktitle={CHI},
  year={2011},
  URL={http://cups.cs.cmu.edu/rshay/pubs/passwords_and_people2011.pdf},
}
@inproceedings{Komanduri2014can,
  title={Can long passwords be secure and usable?},
  author={Shay, Richard and
    Komanduri, Saranga and
    Durity, Adam L and
    Huh, Phillip Seyoung and
    Mazurek, Michelle L and
    Segreti, Sean M and
    Ur, Blase and
    Bauer, Lujo and
    Christin, Nicolas and
    Cranor, Lorrie Faith},
  booktitle={Proceedings of the 32nd annual ACM conference on Human factors in 
    computing systems},
  pages={2927--2936},
  year={2014},
  organization={ACM},
  URL={http://lorrie.cranor.org/pubs/longpass-chi2014.pdf},
}

@misc{xkcd936,
  author={xkcd},
  title={Password Strength},
  URL={https://xkcd.com/936/},
}
@misc{xkcd792,
  author={xkcd},
  title={Password Reuse},
  URL={https://xkcd.com/792/},
}
@misc{xkcd1286,
  author={xkcd},
  title={Encryptic},
  URL={https://xkcd.com/1286/},
}

@inproceedings{Bonneau2012sog,
  author={Bonneau, Joseph},
  title={The science of guessing:
    analyzing an anonymized corpus of 70 million passwords},
  booktitle={{IEEE Symposium on Security and Privacy}},
  year={2012},
  URL={http://www.cl.cam.ac.uk/~jcb82/doc/B12-IEEESP-analyzing_70M_anonymized_passwords.pdf},
}
@inproceedings{Bonneau2012lpo,
  author={Bonneau, Joseph and Shutova, Ekaterina},
  title={Linguistic properties of multi-word passwords},
  booktitle={{USEC}},
  year={2012},
  URL={http://www.cl.cam.ac.uk/~jcb82/doc/BS12-USEC-passphrase_linguistics.pdf},
}
@techreport{Kuo2006hso,
  author={Kuo, Cynthia and Romanosky, Sasha and Cranor, Lorrie Faith},
  title={{Human Selection of Mnemonic Phrase-based Passwords}},
  institution={Institute of Software Research},
  number={36},
  year={2006},
  URL={http://repository.cmu.edu/isr/36/},
}

@TechReport{GuessingHumanChosenSecrets,
  author =	 {Bonneau, Joseph},
  title = 	 {{Guessing human-chosen secrets}},
  year = 	 2012,
  month = 	 may,
  url = 	 {http://www.cl.cam.ac.uk/techreports/UCAM-CL-TR-819.pdf},
  institution =  {University of Cambridge, Computer Laboratory},
  number = 	 {UCAM-CL-TR-819}
}

@Inbook{MeasuringAnonymity,
  author="D{\'i}az, Claudia
      and Seys, Stefaan
      and Claessens, Joris
      and Preneel, Bart",
  editor="Dingledine, Roger
    and Syverson, Paul",
  title="Towards Measuring Anonymity",
  bookTitle="Privacy Enhancing Technologies: Second International Workshop, PET 
      2002 San Francisco, CA, USA, April 14--15, 2002 Revised Papers",
  year="2003",
  publisher="Springer Berlin Heidelberg",
  address="Berlin, Heidelberg",
  pages="54--68",
  isbn="978-3-540-36467-2",
  doi="10.1007/3-540-36467-6_5",
  url="http://dx.doi.org/10.1007/3-540-36467-6_5"
}

@Inbook{InfoTheoreticMetricForAnonymity,
  author="Serjantov, Andrei
    and Danezis, George",
  editor="Dingledine, Roger
    and Syverson, Paul",
  title="Towards an Information Theoretic Metric for Anonymity",
  bookTitle="Privacy Enhancing Technologies: Second International Workshop, PET 
      2002 San Francisco, CA, USA, April 14--15, 2002 Revised Papers",
  year="2003",
  publisher="Springer Berlin Heidelberg",
  address="Berlin, Heidelberg",
  pages="41--53",
  isbn="978-3-540-36467-2",
  doi="10.1007/3-540-36467-6_4",
  url="http://dx.doi.org/10.1007/3-540-36467-6_4"
}
